<record><leader>00000cas a22000007a 4500</leader><controlfield tag="001">24873364</controlfield><controlfield tag="008">911129d187918uuohuwr ne      0    0eng d</controlfield><datafield ind1=" " ind2=" " tag="010"><subfield code="a">sn 91069004 </subfield></datafield><datafield ind1=" " ind2=" " tag="040"><subfield code="a">ONP</subfield><subfield code="b">eng</subfield><subfield code="c">ONP</subfield><subfield code="d">OCLCQ</subfield><subfield code="d">OCLCO</subfield></datafield><datafield ind1="1" ind2=" " tag="029"><subfield code="a">AU@</subfield><subfield code="b">000025863801</subfield></datafield><datafield ind1=" " ind2=" " tag="042"><subfield code="a">msc</subfield></datafield><datafield ind1=" " ind2=" " tag="043"><subfield code="a">n-us-oh</subfield></datafield><datafield ind1="0" ind2="0" tag="245"><subfield code="a">Tuscarawas County Democrat.</subfield></datafield><datafield ind1=" " ind2=" " tag="260"><subfield code="a">Uhrichsville, O. [Ohio] :</subfield><subfield code="b">J.E. Fisher</subfield></datafield><datafield ind1=" " ind2=" " tag="300"><subfield code="a">v.</subfield></datafield><datafield ind1=" " ind2=" " tag="310"><subfield code="a">Weekly</subfield></datafield><datafield ind1="1" ind2=" " tag="362"><subfield code="a">Began in 1879?</subfield></datafield><datafield ind1=" " ind2=" " tag="500"><subfield code="a">Published at: Uhrichsville, Ohio &lt;1882&gt;-May 6, 1886; at Canal Dover, Ohio, May 13, 1886-&lt;1887&gt;.</subfield></datafield><datafield ind1=" " ind2=" " tag="588"><subfield code="a">Description based on: Vol. 3, no. 37 (Feb. 23, 1882).</subfield></datafield><datafield ind1=" " ind2="0" tag="651"><subfield code="a">Dover (Ohio)</subfield><subfield code="v">Newspapers.</subfield></datafield><datafield ind1=" " ind2="0" tag="651"><subfield code="a">Uhrichsville (Ohio)</subfield><subfield code="v">Newspapers.</subfield></datafield><datafield ind1=" " ind2="0" tag="651"><subfield code="a">Canal Dover (Ohio)</subfield><subfield code="v">Newspapers.</subfield></datafield><datafield ind1=" " ind2="0" tag="651"><subfield code="a">Tuscarawas County (Ohio)</subfield><subfield code="v">Newspapers.</subfield></datafield><datafield ind1=" " ind2=" " tag="752"><subfield code="a">United States</subfield><subfield code="b">Ohio</subfield><subfield code="c">Tuscarawas</subfield><subfield code="d">Dover.</subfield></datafield></record>